@book{mouat2015using,
  title={Using Docker: Developing and Deploying Software with Containers},
  author={Mouat, Adrian},
  year={2015},
  publisher={" O'Reilly Media, Inc."}
}
@article{hayden2015securing,
  title={Securing Linux Containers},
  author={Hayden, Major and Carbone, Richard},
  journal={GIAC (GCUX) Gold Certification, Creative Commons Attribution-ShareAlike 4.0 International License},
  year={2015}
}
@inproceedings{shu2017study,
  title={A Study of Security Vulnerabilities on Docker Hub},
  author={Shu, Rui and Gu, Xiaohui and Enck, William},
  booktitle={Proceedings of the Seventh ACM on Conference on Data and Application Security and Privacy},
  pages={269--280},
  year={2017},
  organization={ACM}
}