@misc{MySQLRep25:online,
author = {},
title = {MySQL Replication},
howpublished = {\url{https://www.percona.com/resources/mysql-ebooks/mysql-replication}},
month = {},
year = {},
note = {(Accessed on 10/10/2017)}
}