@misc{MySQLPer63:online,
author = {},
title = {MySQL Performance Tuning, Volume 1},
howpublished = {\url{https://www.percona.com/resources/mysql-ebooks/mysql-performance-tuning-volume-1}},
month = {},
year = {},
note = {(Accessed on 10/10/2017)}
}